% This file was created with JabRef 2.7b.
% Encoding: UTF-8

@misc{googleDrive,
  author = {},
  title = {{Google Drive}},
  howpublished = "\url{https://drive.google.com}",
  year = {}
}

@misc{dropbox,
  author = {},
  title = {{Dropbox}},
  howpublished = "\url{https://www.dropbox.com/}",
  year = {}
}


@inproceedings{practicaldedup,
 author = {Meyer, Dutch T. and Bolosky, William J.},
 title = {A Study of Practical Deduplication},
 booktitle = {Proceedings of the 9th USENIX Conference on File and Stroage Technologies},
 series = {FAST'11},
 year = {2011},
 isbn = {978-1-931971-82-9},
 location = {San Jose, California},
 pages = {1--1},
 numpages = {1},
 url = {http://dl.acm.org/citation.cfm?id=1960475.1960476},
 acmid = {1960476},
 publisher = {USENIX Association},
 address = {Berkeley, CA, USA}
} 

@INPROCEEDINGS{convergentEnc, 
author={Douceur, J.R. and Adya, A. and Bolosky, W.J. and Simon, P. and Theimer, M.}, 
booktitle={Distributed Computing Systems, 2002. Proceedings. 22nd International Conference on}, 
title={Reclaiming space from duplicate files in a serverless distributed file system}, 
year={2002}, 
pages={617-624}, 
keywords={content-addressable storage;cryptography;network operating systems;replicated databases;self-organising storage;software fault tolerance;storage management;Farsite;SALAD;Self-Arranging Lossy Associative Database;availability;controlled file replication;convergent encryption;decentralized scalable system;desktop file systems;duplicate files;duplicate-file coalescing system;fault-tolerant system;file content aggregation;large-scale simulation;location information;serverless distributed file system;storage space reclamation;Availability;Cryptography;Databases;Distributed computing;Extraterrestrial measurements;Fault diagnosis;File servers;File systems;Large-scale systems;Secure storage}, 
doi={10.1109/ICDCS.2002.1022312}, 
ISSN={1063-6927}, 
month={},}

@inproceedings{mle,
 author = {Mihir Bellare, Sriram Keelveedhi, Thomas Ristenpart},
 title = {Message-Locked Encryption and Secure Deduplication},
 booktitle = {Advances in Cryptology â€“ EUROCRYPT 2013},
 series = {CCS '11},
 year = {2011},
 isbn = {978-1-4503-0948-6},
 location = {Chicago, Illinois, USA},
 pages = {491--500},
 numpages = {10},
 url = {http://doi.acm.org/10.1145/2046707.2046765},
 doi = {10.1145/2046707.2046765},
 acmid = {2046765},
 publisher = {Springer Berlin Heidelberg},
 address = {New York, NY, USA},
 keywords = {cloud storage, deduplication, merkle trees, proofs of ownership},
}

@Inbook{imle,
author="Bellare, Mihir
and Keelveedhi, Sriram",
editor="Katz, Jonathan",
chapter="Interactive Message-Locked Encryption and Secure Deduplication",
title="Public-Key Cryptography -- PKC 2015: 18th IACR International Conference on Practice and Theory in Public-Key Cryptography, Gaithersburg, MD, USA, March 30 -- April 1, 2015, Proceedings",
year="2015",
publisher="Springer Berlin Heidelberg",
address="Berlin, Heidelberg",
pages="516--538",
isbn="978-3-662-46447-2",
doi="10.1007/978-3-662-46447-2_23",
url="http://dx.doi.org/10.1007/978-3-662-46447-2_23"
}
@Inbook{fuzzy,
author="Dodis, Yevgeniy
and Reyzin, Leonid
and Smith, Adam",
editor="Cachin, Christian
and Camenisch, Jan L.",
title="Fuzzy Extractors: How to Generate Strong Keys from Biometrics and Other Noisy Data",
bookTitle="Advances in Cryptology - EUROCRYPT 2004: International Conference on the Theory and Applications of Cryptographic Techniques, Interlaken, Switzerland, May 2-6, 2004. Proceedings",
year="2004",
publisher="Springer Berlin Heidelberg",
address="Berlin, Heidelberg",
pages="523--540",
isbn="978-3-540-24676-3",
doi="10.1007/978-3-540-24676-3_31",
url="http://dx.doi.org/10.1007/978-3-540-24676-3_31"
}

@Inbook{dse,
author="Bellare, Mihir
and Boldyreva, Alexandra
and O'Neill, Adam",
editor="Menezes, Alfred",
title="Deterministic and Efficiently Searchable Encryption",
bookTitle="Advances in Cryptology - CRYPTO 2007: 27th Annual International Cryptology Conference, Santa Barbara, CA, USA, August 19-23, 2007. Proceedings",
year="2007",
publisher="Springer Berlin Heidelberg",
address="Berlin, Heidelberg",
pages="535--552",
isbn="978-3-540-74143-5",
doi="10.1007/978-3-540-74143-5_30",
url="http://dx.doi.org/10.1007/978-3-540-74143-5_30"
}

@inproceedings{proofOwner,
 author = {Halevi, Shai and Harnik, Danny and Pinkas, Benny and Shulman-Peleg, Alexandra},
 title = {Proofs of Ownership in Remote Storage Systems},
 booktitle = {Proceedings of the 18th ACM Conference on Computer and Communications Security},
 series = {CCS '11},
 year = {2011},
 isbn = {978-1-4503-0948-6},
 location = {Chicago, Illinois, USA},
 pages = {491--500},
 numpages = {10},
 url = {http://doi.acm.org/10.1145/2046707.2046765},
 doi = {10.1145/2046707.2046765},
 acmid = {2046765},
 publisher = {ACM},
 address = {New York, NY, USA},
 keywords = {cloud storage, deduplication, merkle trees, proofs of ownership},
}

@inproceedings{weakLeakage,
 author = {Xu, Jia and Chang, Ee-Chien and Zhou, Jianying},
 title = {Weak Leakage-resilient Client-side Deduplication of Encrypted Data in Cloud Storage},
 booktitle = {Proceedings of the 8th ACM SIGSAC Symposium on Information, Computer and Communications Security},
 series = {ASIA CCS '13},
 year = {2013},
 isbn = {978-1-4503-1767-2},
 location = {Hangzhou, China},
 pages = {195--206},
 numpages = {12},
 url = {http://doi.acm.org/10.1145/2484313.2484340},
 doi = {10.1145/2484313.2484340},
 acmid = {2484340},
 publisher = {ACM},
 address = {New York, NY, USA},
 keywords = {client-side deduplication, cloud storage, leakage-resilient, privacy, proofs of ownership, universal hash},
}
